@article{cascpaper
,	title	= {Covariate-assisted Spectral Clustering}
,	author	= {N. Binkiewicz, J. T. Vogelstein, K. Rohe}
,	journal	= {Biometrika}
,	volume	= {104}
,	number	= {2}
,	pages	= {361-377}
,	year	= {2017}
},
@article{mcc
,	title	= {Multiscale Comparative Connectomics}
,	author	= {Gopalakrishnan et al.}
,	journal	= {arxiv}
,	year	= {2021}
},
@article{spectraltutorial
,	title	= {A Tutorial on Spectral Clustering}
,	author	= {Ulrike von Luxburg}
,	journal	= {Statistics and Computing}
,	year	= {2007}
},
@book{Geron2017Mar,
	author = {G\'{e}ron, Aur\'{e}lien},
	title = {{Hands-On Machine Learning with Scikit-Learn and TensorFlow}},
	journal = {O{'}Reilly Online Learning},
	year = {2017},
	month = mar,
	isbn = {978-1-49196229-9},
	publisher = {O'Reilly Media, Inc.},
	address = {Sebastopol, CA, USA},
	url = {https://www.oreilly.com/library/view/hands-on-machine-learning/9781491962282}
},
@book{Wilkinson1965,
  author    = {James H. Wilkinson},
  title     = {The Algebraic Eigenvalue Problem},
  publisher = {Clarendon Press},
  address   = {Oxford},
  year      = {1965}
},
@misc{Pearl2011Oct,
	author = {Pearl, Judea},
	title = {{Bayesian networks}},
	year = {2011},
	month = oct,
	note = {[Online; accessed 22. Mar. 2023]},
	url = {https://escholarship.org/uc/item/53n4f34m}
},
@book{Neapolitan2019May,
	author = {Neapolitan, Richard E.},
	title = {{Learning Bayesian Networks}},
	year = {2019},
	month = may,
	isbn = {978-0-13012534-7},
	publisher = {Pearson},
	address = {London, England, UK},
	url = {https://www.amazon.com/Learning-Bayesian-Networks-Richard-Neapolitan/dp/0130125342}
},
@book{Scutari2014Jun,
	author = {Scutari, Marco and Denis, Jean-Baptiste},
	title = {{Bayesian Networks: With Examples in R (Chapman {\&} Hall/CRC Texts in Statistical Science)}},
	year = {2014},
	month = jun,
	isbn = {978-1-48222558-7},
	publisher = {Chapman and Hall/CRC},
	url = {https://www.amazon.com/Bayesian-Networks-Examples-Chapman-Statistical/dp/1482225581}
},
@ARTICLE{scipy,
  author  = {Virtanen, Pauli and Gommers, Ralf and Oliphant, Travis E. and
            Haberland, Matt and Reddy, Tyler and Cournapeau, David and
            Burovski, Evgeni and Peterson, Pearu and Weckesser, Warren and
            Bright, Jonathan and {van der Walt}, St{\'e}fan J. and
            Brett, Matthew and Wilson, Joshua and Millman, K. Jarrod and
            Mayorov, Nikolay and Nelson, Andrew R. J. and Jones, Eric and
            Kern, Robert and Larson, Eric and Carey, C J and
            Polat, {\.I}lhan and Feng, Yu and Moore, Eric W. and
            {VanderPlas}, Jake and Laxalde, Denis and Perktold, Josef and
            Cimrman, Robert and Henriksen, Ian and Quintero, E. A. and
            Harris, Charles R. and Archibald, Anne M. and
            Ribeiro, Ant{\^o}nio H. and Pedregosa, Fabian and
            {van Mulbregt}, Paul and {SciPy 1.0 Contributors}},
  title   = {{{SciPy} 1.0: Fundamental Algorithms for Scientific
            Computing in Python}},
  journal = {Nature Methods},
  year    = {2020},
  volume  = {17},
  pages   = {261--272},
  adsurl  = {https://rdcu.be/b08Wh},
  doi     = {10.1038/s41592-019-0686-2},
},
@Article{numpy,
 title         = {Array programming with {NumPy}},
 author        = {Charles R. Harris and K. Jarrod Millman and St{\'{e}}fan J.
                 van der Walt and Ralf Gommers and Pauli Virtanen and David
                 Cournapeau and Eric Wieser and Julian Taylor and Sebastian
                 Berg and Nathaniel J. Smith and Robert Kern and Matti Picus
                 and Stephan Hoyer and Marten H. van Kerkwijk and Matthew
                 Brett and Allan Haldane and Jaime Fern{\'{a}}ndez del
                 R{\'{i}}o and Mark Wiebe and Pearu Peterson and Pierre
                 G{\'{e}}rard-Marchant and Kevin Sheppard and Tyler Reddy and
                 Warren Weckesser and Hameer Abbasi and Christoph Gohlke and
                 Travis E. Oliphant},
 year          = {2020},
 month         = sep,
 journal       = {Nature},
 volume        = {585},
 number        = {7825},
 pages         = {357--362},
 doi           = {10.1038/s41586-020-2649-2},
 publisher     = {Springer Science and Business Media {LLC}},
 url           = {https://doi.org/10.1038/s41586-020-2649-2}
},
@book{AlTaie2017,
	author = {Al-Taie, Mohammed Zuhair and Kadry, Seifedine},
	title = {{Python for Graph and Network Analysis}},
	journal = {SpringerLink},
	isbn = {978-3-319-53004-8},
	publisher = {Springer International Publishing},
	address = {Cham, Switzerland},
        year = {2017},
	url = {https://link.springer.com/book/10.1007/978-3-319-53004-8}
},
@book{Newman2018Sep,
	author = {Newman, Mark},
	title = {{Networks}},
	year = {2018},
	month = sep,
	isbn = {978-0-19880509-0},
	publisher = {Oxford University Press},
	address = {Oxford, England, UK},
	url = {https://www.amazon.com/Networks-Mark-Newman/dp/0198805098}
},
@book{Brandes2005,
	title = {{Network Analysis}},
	journal = {SpringerLink},
	isbn = {978-3-540-31955-9},
	publisher = {Springer},
	address = {Berlin, Germany},
        year = {2005},
        author = {Brandes, Ulrik and Erlebach, Thomas},
	url = {https://link.springer.com/book/10.1007/b106453}
},
@book{James2021Jul,
	author = {James, Gareth and Witten, Daniela and Hastie, Trevor and Tibshirani, Robert},
	title = {{An Introduction to Statistical Learning: with Applications in R (Springer Texts in Statistics)}},
	year = {2021},
	month = jul,
	isbn = {978-1-07161417-4},
	publisher = {Springer},
	address = {New York, NY, USA},
	url = {https://www.amazon.com/Introduction-Statistical-Learning-Applications-Statistics/dp/1071614177}
},
@book{Bickel2006May,
	author = {Bickel, Peter J. and Doksum, Kjell A.},
	title = {{Mathematical Statistics: Basic Ideas And Selected Topics: 1}},
	year = {2006},
	month = may,
	isbn = {978-0-13230637-9},
	publisher = {Pearson},
	address = {London, England, UK},
	url = {https://www.amazon.com/Mathematical-Statistics-Basic-Selected-Topics/dp/0132306379}
}

@book{Barabasi2016Aug,
	author = {Barab{\ifmmode\acute{a}\else\'{a}\fi}si, Albert-L{\ifmmode\acute{a}\else\'{a}\fi}szl{\ifmmode\acute{o}\else\'{o}\fi} and P{\ifmmode\acute{o}\else\'{o}\fi}sfai, M{\ifmmode\acute{a}\else\'{a}\fi}rton},
	title = {{Network Science}},
	year = {2016},
	month = aug,
	isbn = {978-1-10707626-6},
	publisher = {Cambridge University Press},
	address = {Cambridge, England, UK},
	url = {https://www.amazon.com/Network-Science-Albert-L%C3%A1szl%C3%B3-Barab%C3%A1si/dp/1107076269}
},
@book{Kolaczyk2009,
	author = {Kolaczyk, Eric D.},
	title = {{Statistical Analysis of Network Data}},
	journal = {SpringerLink},
	isbn = {978-0-387-88146-1},
	publisher = {Springer},
        year = {2009}
	address = {New York, NY, USA},
	url = {https://link.springer.com/book/10.1007/978-0-387-88146-1}
},
@book{Luke2015,
	author = {Luke, Douglas},
	title = {{A User{'}s Guide to Network Analysis in R}},
	journal = {SpringerLink},
        year = {2015},
	isbn = {978-3-319-23883-8},
	publisher = {Springer International Publishing},
	address = {Cham, Switzerland},
	url = {https://link.springer.com/book/10.1007/978-3-319-23883-8}
},
@book{Hernan2023May,
	author = {Hernan, M and Robins, J},
	title = {{Causal Inference:What If}},
	journal = {Taylor {\&} Francis},
	year = {2023},
	month = may,
	isbn = {978-1-31537493-2},
	publisher = {Taylor {\&} Francis},
	address = {Andover, England, UK},
	doi = {10.1201/9781315374932}
},
@book{Pearl2016Feb,
	author = {Pearl, Judea and Glymour, Madelyn and Jewell, Nicholas P.},
	title = {{Causal Inference in Statistics - A Primer}},
	year = {2016},
	month = feb,
	isbn = {978-1-11918684-7},
	publisher = {Wiley},
	address = {Hoboken, NJ, USA},
	url = {https://www.amazon.com/Causal-Inference-Statistics-Judea-Pearl/dp/1119186846}
},
@article{Karrer2011Jan,
	author = {Karrer, Brian and Newman, M. E. J.},
	title = {{Stochastic blockmodels and community structure in networks}},
	journal = {Phys. Rev. E},
	volume = {83},
	number = {1},
	pages = {016107},
	year = {2011},
	month = jan,
	issn = {2470-0053},
	publisher = {American Physical Society},
	doi = {10.1103/PhysRevE.83.016107}
},
@misc{Gao2018Oct,
	title = {{Community Detection in Degree-Corrected Block Models}},
    author={Gao, Chao and Ma, Zongming and Zhang, Anderson and Zhou, Harrison},
	journal = {Ann. Stat.},
	volume = {46},
	number = {5},
	pages = {2153--2185},
	year = {2018},
	month = oct,
	note = {[Online; accessed 21. Mar. 2023]},
	url = {https://www.jstor.org/stable/26542860}
},
@incollection{Dasgupta2004Oct,
	author = {Dasgupta, A. and Hopcroft, J. E. and McSherry, F.},
	title = {{Spectral analysis of random graphs with skewed degree distributions}},
	booktitle = {{45th Annual IEEE Symposium on Foundations of Computer Science}},
	pages = {602--610},
	year = {2004},
	month = oct,
	issn = {0272-5428},
	isbn = {978-0-7695-2228},
	publisher = {IEEE},
	doi = {10.1109/FOCS.2004.61}
},
@article{Zou2006Jun,
	author = {Zou, Hui and Hastie, Trevor and Tibshirani, Robert},
	title = {{Sparse Principal Component Analysis}},
	journal = {J. Comput. Graph. Stat.},
	volume = {15},
	number = {2},
	pages = {265--286},
	year = {2006},
	month = jun,
	issn = {1061-8600},
	publisher = {Taylor {\&} Francis},
	doi = {10.1198/106186006X113430}
},
@article{Goswami2016Dec,
	author = {Goswami, Swati and Murthy, C. A. and Das, Asit K.},
	title = {{Sparsity Measure of a Network Graph: Gini Index}},
	journal = {arXiv},
	year = {2016},
	month = dec,
	eprint = {1612.07074},
	doi = {10.48550/arXiv.1612.07074}
},
@article{Hurley2009Sep,
	author = {Hurley, Niall and Rickard, Scott},
	title = {{Comparing Measures of Sparsity}},
	journal = {IEEE Trans. Inf. Theory},
	volume = {55},
	number = {10},
	pages = {4723--4741},
	year = {2009},
	month = sep,
	issn = {1557-9654},
	publisher = {IEEE},
	doi = {10.1109/TIT.2009.2027527}
},
@book{Kateri,
	author = {Kateri, Maria},
	title = {{Contingency Table Analysis}},
	journal = {SpringerLink},
	isbn = {978-0-8176-4811-4},
	publisher = {Springer},
	address = {New York, NY, USA},
    year = {2014},
	url = {https://link.springer.com/book/10.1007/978-0-8176-4811-4?source=shoppingads&locale=en-us&srsltid=Ad5pg_FPOKpA_3SJgeDkORDZmHF1axCY_F167q-fkvzRXNCpHK6DFPSePT8}
},
@article{Wallace1992Feb,
	author = {Wallace, G. K.},
	title = {{The JPEG still picture compression standard}},
	journal = {IEEE Trans. Consum. Electron.},
	volume = {38},
	number = {1},
	pages = {xviii--xxxiv},
	year = {1992},
	month = feb,
	issn = {1558-4127},
	publisher = {IEEE},
	doi = {10.1109/30.125072}
},
@article{Hurley2008Nov,
	author = {Hurley, Niall P. and Rickard, Scott T.},
	title = {{Comparing Measures of Sparsity}},
	journal = {arXiv},
	year = {2008},
	month = nov,
	eprint = {0811.4706},
	doi = {10.48550/arXiv.0811.4706}
},
@misc{pandastut,
	title = {{What kind of data does pandas handle?}},
	year = {2022},
    journal = {pandas documentation},
	month = nov,
	note = {[Online; accessed 11. Jan. 2023]},
	url = {https://pandas.pydata.org/docs/getting_started/intro_tutorials/01_table_oriented.html}
},
@misc{wikiML,
	author = {{Contributors to Wikimedia projects}},
	title = {{Machine learning - Wikipedia}},
	year = {2023},
	month = jan,
	note = {[Online; accessed 11. Jan. 2023]},
	url = {https://en.wikipedia.org/w/index.php?title=Machine_learning&oldid=1131287733}
},
@article{Carlson2006Apr,
	author = {Carlson, Stephan C.},
	title = {{K\"onigsberg bridge problem}},
	journal = {Encyclopedia Britannica},
	year = {2006},
	month = apr,
	publisher = {Encyclopedia Britannica},
	url = {https://www.britannica.com/science/Konigsberg-bridge-problem}
},
@book{Poldrack2011Aug,
	author = {Poldrack, Russell A. and Mumford, Jeanette A. and Nichols, Thomas E.},
	title = {{Handbook of Functional MRI Data Analysis}},
	year = {2011},
	month = aug,
	isbn = {978-1-13949836-4},
	publisher = {Cambridge University Press},
	address = {Cambridge, England, UK},
	url = {https://books.google.com/books/about/Handbook_of_Functional_MRI_Data_Analysis.html?id=VjwBnVRwuD8C&source=kp_book_description}
},
@book{Munsell2018Sep,
	author = {Munsell, Brent C. and Wu, Guorong and Bonilha, Leonardo and Laurienti, Paul},
	title = {{Connectomics: Applications to Neuroimaging (The MICCAI Society book Series)}},
	year = {2018},
	month = sep,
	isbn = {978-0-12813838-0},
	publisher = {Academic Press},
	address = {Cambridge, MA, USA},
	url = {https://www.amazon.com/Connectomics-Applications-Neuroimaging-Brent-Munsell/dp/0128138386}
},
@misc{dockerinstall,
	title = {{Docker Engine installation overview}},
	journal = {Docker Documentation},
	year = {2023},
	month = jan,
	note = {[Online; accessed 19. Jan. 2023]},
	url = {https://docs.docker.com/engine/install}
},
@misc{thisbookdocker,
        title = {{neurodata/graph-stats-book - Docker Image}},
        year = {2023},
        journal={Docker},
        author={Bridgeford, Eric W},
        month = jan,
        note = {[Online; accessed 19. Jan. 2023]},
        url = {https://hub.docker.com/r/neurodata/graph-stats-book}
},
@article{windowsss,
	author = {Piltch, Avram},
	title = {{How to Enable the Linux Bash Shell in Windows 10}},
	journal = {LaptopMag},
	year = {2020},
	month = dec,
	publisher = {Laptop Mag},
	url = {https://www.laptopmag.com/articles/use-bash-shell-windows-10}
},
@misc{pythonmac,
	title = {{Installing Python 3 on Mac OS X}},
    journal={The Hitchhiker's Guide to Python},
	year = {2023},
	month = jan,
	note = {[Online; accessed 19. Jan. 2023]},
	url = {https://docs.python-guide.org/starting/install3/osx}
},
@book{Vershynin2018Sep,
	author = {Vershynin, Roman},
	title = {{High-Dimensional Probability: An Introduction with Applications in Data Science}},
	journal = {Cambridge Core},
	year = {2018},
	month = sep,
	isbn = {978-1-10823159-6},
	publisher = {Cambridge University Press},
	address = {Cambridge, England, UK},
	doi = {10.1017/9781108231596}
},
@article{Sussman2012Sep,
	author = {Sussman, Daniel L. and Tang, Minh and Fishkind, Donniell E. and Priebe, Carey E.},
	title = {{A Consistent Adjacency Spectral Embedding for Stochastic Blockmodel Graphs}},
	journal = {J. Am. Stat. Assoc.},
	volume = {107},
	number = {499},
	pages = {1119--1128},
	year = {2012},
	month = sep,
	issn = {0162-1459},
	publisher = {Taylor {\&} Francis},
	doi = {10.1080/01621459.2012.699795}
},
@article{Conte2004May,
	author = {Conte, D. and Foggia, P. and Sansone, C. and Vento, M.},
	title = {{THIRTY YEARS OF GRAPH MATCHING IN PATTERN RECOGNITION}},
	journal = {Int. J. Pattern Recognit. Artif. Intell.},
	volume = {18},
	number = {03},
	pages = {265--298},
	year = {2004},
	month = may,
	issn = {0218-0014},
	publisher = {World Scientific Publishing Co.},
	doi = {10.1142/S0218001404003228}
},
@article{Foggia2013Oct,
	author = {Foggia, Pasquale and Percannella, Gennaro and Vento, Mario},
	title = {{GRAPH MATCHING AND LEARNING IN PATTERN RECOGNITION IN THE LAST 10 YEARS}},
	journal = {Int. J. Pattern Recognit. Artif. Intell.},
	volume = {28},
	number = {01},
	pages = {1450001},
	year = {2013},
	month = oct,
	issn = {0218-0014},
	publisher = {World Scientific Publishing Co.},
	doi = {10.1142/S0218001414500013}
},
@incollection{Yan2016Jun,
	author = {Yan, Junchi and Yin, Xu-Cheng and Lin, Weiyao and Deng, Cheng and Zha, Hongyuan and Yang, Xiaokang},
	title = {{A Short Survey of Recent Advances in Graph Matching}},
	booktitle = {{ICMR '16: Proceedings of the 2016 ACM on International Conference on Multimedia Retrieval}},
	pages = {167--174},
	year = {2016},
	month = jun,
	isbn = {978-1-45034359-6},
	publisher = {Association for Computing Machinery},
	address = {New York, NY, USA},
	doi = {10.1145/2911996.2912035}
},
@article{Lyzinski2014Jan,
	author = {Lyzinski, Vince and Fishkind, Donniell E. and Priebe, Carey E.},
	title = {{Seeded graph matching for correlated Erd\"{o}s-R\'{e}nyi graphs}},
	journal = {J. Mach. Learn. Res.},
	volume = {15},
	number = {1},
	pages = {3513--3540},
	year = {2014},
	month = jan,
	issn = {1532-4435},
	publisher = {JMLR.org},
	doi = {10.5555/2627435.2750357}
},
@article{Levin2017,
	author = {Levin, Keith and Athreya, A. and Tang, M. and Lyzinski, V. and Priebe, C.},
	title = {{A Central Limit Theorem for an Omnibus Embedding of Multiple Random Dot Product Graphs}},
	journal = {2017 IEEE International Conference on Data Mining Workshops (ICDMW)},
	year = {2017},
	url = {https://www.semanticscholar.org/paper/A-Central-Limit-Theorem-for-an-Omnibus-Embedding-of-Levin-Athreya/fdc658ee1a25c511d7da405a9df7b30b613e8dc8}
},
@article{Arroyo2021,
	author = {Arroyo, Jes\'{u}s and Athreya, Avanti and Cape, Joshua and Chen, Guodong and Priebe, Carey E. and Vogelstein, Joshua T.},
	title = {{Inference for Multiple Heterogeneous Networks with a Common Invariant Subspace}},
	journal = {Journal of Machine Learning Research},
	volume = {22},
	number = {142},
	pages = {1--49},
	year = {2021},
	issn = {1533-7928},
	url = {https://jmlr.org/papers/v22/19-558.html}
},
@book{Axler,
	author = {Axler, Sheldon},
	title = {{Linear Algebra Done Right}},
	journal = {SpringerLink},
	isbn = {978-3-319-11080-6},
	publisher = {Springer International Publishing},
	address = {Cham, Switzerland},
    year={2015},
	url = {https://link.springer.com/book/10.1007/978-3-319-11080-6}
},
@book{Trefethen1997,
	author = {Trefethen, Lloyd Nicholas and Bau, David},
	title = {{Numerical Linear Algebra}},
	year = {1997},
	isbn = {978-0-89871487-6},
	publisher = {Society for Industrial and Applied Mathematics},
	url = {https://books.google.com/books/about/Numerical_Linear_Algebra.html?id=5Y1TPgAACAAJ}
},
@article{Lawrence2021Mar,
	author = {Lawrence, Ross M. and Bridgeford, Eric W. and Myers, Patrick E. and Arvapalli, Ganesh C. and Ramachandran, Sandhya C. and Pisner, Derek A. and Frank, Paige F. and Lemmer, Allison D. and Nikolaidis, Aki and Vogelstein, Joshua T.},
	title = {{Standardizing human brain parcellations}},
	journal = {Sci. Data},
	volume = {8},
	number = {78},
	pages = {1--9},
	year = {2021},
	month = mar,
	issn = {2052-4463},
	publisher = {Nature Publishing Group},
	doi = {10.1038/s41597-021-00849-3}
},
@book{Godsil,
	author = {Godsil, Chris and Royle, Gordon},
	title = {{Algebraic Graph Theory}},
	journal = {SpringerLink},
	isbn = {978-1-4613-0163-9},
	publisher = {Springer},
    year={2001},
	address = {New York, NY, USA},
	url = {https://link.springer.com/book/10.1007/978-1-4613-0163-9}
},
@book{Chung1996Dec,
	author = {Chung, Fan},
	title = {{Spectral Graph Theory}},
	journal = {American Mathematical Society},
	volume = {92},
	year = {1996},
	month = dec,
	issn = {0160-7642},
	isbn = {978-0-8218-0315-8},
	publisher = {American Mathematical Society},
	doi = {10.1090/cbms/092}
},
@article{Li2014Dec,
	author = {Li, Jianxi and Guo, Ji-Ming and Shiu, Wai Chee},
	title = {{Bounds on normalized Laplacian eigenvalues of graphs}},
	journal = {J. Inequal. Appl.},
	volume = {2014},
	number = {1},
	pages = {1--8},
	year = {2014},
	month = dec,
	issn = {1029-242X},
	publisher = {SpringerOpen},
	doi = {10.1186/1029-242X-2014-316}
},
@article{Qin2013Sep,
	author = {Qin, Tai and Rohe, Karl},
	title = {{Regularized Spectral Clustering under the Degree-Corrected Stochastic Blockmodel}},
	journal = {arXiv},
	year = {2013},
	month = sep,
	eprint = {1309.4111},
	doi = {10.48550/arXiv.1309.4111}
},
@incollection{Chaudhuri2012Jun,
	author = {Chaudhuri, Kamalika and Chung, Fan and Tsiatas, Alexander},
	title = {{Spectral Clustering of Graphs with General Degrees in the Extended Planted Partition Model}},
	booktitle = {{Conference on Learning Theory}},
	journal = {PMLR},
	pages = {35.1--35.23},
	year = {2012},
	month = jun,
	issn = {1938-7228},
	publisher = {JMLR Workshop and Conference Proceedings},
	url = {https://proceedings.mlr.press/v23/chaudhuri12.html}
},
@article{Amini2012Jul,
	author = {Amini, Arash A. and Chen, Aiyou and Bickel, Peter J. and Levina, Elizaveta},
	title = {{Pseudo-likelihood methods for community detection in large sparse networks}},
	journal = {arXiv},
	year = {2012},
	month = jul,
	eprint = {1207.2340},
	doi = {10.1214/13-AOS1138}
},
@article{Barabsi2013Mar,
	author = {Barabsi, Albert-Lszl},
	title = {{Network science}},
	journal = {Philos. Trans. Royal Soc. A},
	volume = {371},
	number = {1987},
	pages = {20120375},
	year = {2013},
	month = mar,
	issn = {1471-2962},
	publisher = {The Royal Society Publishing},
	doi = {10.1098/rsta.2012.0375}
},
@book{Gross2005Sep,
	author = {Gross, Jonathan L. and Yellen, Jay},
	title = {{Graph Theory and Its Applications (Textbooks in Mathematics)}},
	year = {2005},
	month = sep,
	isbn = {978-1-58488505-4},
	publisher = {Chapman and Hall/CRC}
},
@article{Newman2006Jun,
	author = {Newman, M. E. J.},
	title = {{Modularity and community structure in networks}},
	journal = {Proc. Natl. Acad. Sci. U.S.A.},
	volume = {103},
	number = {23},
	pages = {8577--8582},
	year = {2006},
	month = jun,
	publisher = {Proceedings of the National Academy of Sciences},
	doi = {10.1073/pnas.0601602103}
},
@book{Hastie2009,
	author = {Hastie, Trevor and Tibshirani, Robert and Friedman, Jerome H.},
	title = {{The Elements of Statistical Learning: Data Mining, Inference, and Prediction}},
	year = {2009},
	isbn = {978-0-38784884-6},
	publisher = {Springer},
	address = {New York, NY, USA},
	url = {https://books.google.com/books/about/The_Elements_of_Statistical_Learning.html?id=eBSgoAEACAAJ&source=kp_book_description}
},
@article{Spielman2008Aug,
	author = {Spielman, Daniel A. and Teng, Shang-Hua},
	title = {{Spectral Sparsification of Graphs}},
	journal = {arXiv},
	year = {2008},
	month = aug,
	eprint = {0808.4134},
	doi = {10.48550/arXiv.0808.4134}
},
@article{Batson2013Aug,
	author = {Batson, Joshua and Spielman, Daniel A. and Srivastava, Nikhil and Teng, Shang-Hua},
	title = {{Spectral sparsification of graphs: theory and algorithms}},
	journal = {Commun. ACM},
	volume = {56},
	number = {8},
	pages = {87--94},
	year = {2013},
	month = aug,
	issn = {0001-0782},
	publisher = {Association for Computing Machinery},
	doi = {10.1145/2492007.2492029}
},
@article{erdos59a,
  added-at = {2010-05-05T00:38:27.000+0200},
  author = {Erd\"{o}s, P. and R\'{e}nyi, A.},
  biburl = {https://www.bibsonomy.org/bibtex/25aab47a7be9ec47644735f8e0a4607b6/alex},
  interhash = {99061fc859ba540d4485abfbce44f298},
  intrahash = {5aab47a7be9ec47644735f8e0a4607b6},
  journal = {Publicationes Mathematicae Debrecen},
  keywords = {graph sna},
  pages = 290,
  timestamp = {2010-05-05T00:38:27.000+0200},
  title = {On Random Graphs I},
  volume = 6,
  year = 1959
},
@article{Gilbert1959Dec,
	author = {Gilbert, E. N.},
	title = {{Random Graphs}},
	journal = {Ann. Math. Stat.},
	volume = {30},
	number = {4},
	pages = {1141--1144},
	year = {1959},
	month = dec,
	issn = {0003-4851},
	publisher = {Institute of Mathematical Statistics},
	doi = {10.1214/aoms/1177706098}
},
@article{Holland1983Jun,
	author = {Holland, Paul W. and Laskey, Kathryn Blackmond and Leinhardt, Samuel},
	title = {{Stochastic blockmodels: First steps}},
	journal = {Social Networks},
	volume = {5},
	number = {2},
	pages = {109--137},
	year = {1983},
	month = jun,
	issn = {0378-8733},
	publisher = {North-Holland},
	doi = {10.1016/0378-8733(83)90021-7}
},
@article{Abbe2017Mar,
	author = {Abbe, Emmanuel},
	title = {{Community Detection and Stochastic Block Models}},
	journal = {arXiv},
	year = {2017},
	month = mar,
	eprint = {1703.10146},
	doi = {10.48550/arXiv.1703.10146}
},
@incollection{Young2007,
	author = {Young, Stephen J. and Scheinerman, Edward R.},
	title = {{Random Dot Product Graph Models for Social Networks}},
	booktitle = {{Algorithms and Models for the Web-Graph}},
	journal = {SpringerLink},
	pages = {138--149},
	year = {2007},
	publisher = {Springer},
	address = {Berlin, Germany},
	doi = {10.1007/978-3-540-77004-6_11}
},
@article{Athreya2017Jan,
	author = {Athreya, Avanti and Fishkind, Donniell E. and Tang, Minh and Priebe, Carey E. and Park, Youngser and Vogelstein, Joshua T. and Levin, Keith and Lyzinski, Vince and Qin, Yichen},
	title = {{Statistical inference on random dot product graphs: a survey}},
	journal = {J. Mach. Learn. Res.},
	volume = {18},
	number = {1},
	pages = {8393--8484},
	year = {2017},
	month = jan,
	issn = {1532-4435},
	publisher = {JMLR.org},
	doi = {10.5555/3122009.3242083}
},
@article{Vogelstein2013Jul,
	author = {Vogelstein, Joshua T. and Roncal, William Gray and Vogelstein, R. Jacob and Priebe, Carey E.},
	title = {{Graph classification using signal-subgraphs: applications in statistical connectomics}},
	journal = {IEEE Trans. Pattern Anal. Mach. Intell.},
	volume = {35},
	number = {7},
	pages = {1539--1551},
	year = {2013},
	month = jul,
	issn = {1939-3539},
	publisher = {See full text options at IEEE Engineering in Medicine and Biology Society},
	eprint = {23681985},
	doi = {10.1109/TPAMI.2012.235}
},
@article{Chung2021Mar,
	author = {Chung, Jaewon and Bridgeford, Eric and Arroyo, Jes\'us and Pedigo, Benjamin D. and Saad-Eldin, Ali and Gopalakrishnan, Vivek and Xiang, Liang and Priebe, Carey E. and Vogelstein, Joshua T.},
	title = {{Statistical Connectomics}},
	journal = {Annu. Rev. Stat. Appl.},
	volume = {8},
	number = {1},
	pages = {463--492},
	year = {2021},
	month = mar,
	issn = {2326-8298},
	publisher = {Annual Reviews},
	doi = {10.1146/annurev-statistics-042720-023234}
},
@article{Pantazis2022,
	author = {Pantazis, Konstantinos and Athreya, Avanti and Arroyo, Jes\'{u}s and Frost, William N. and Hill, Evan S. and Lyzinski, Vince},
	title = {{The Importance of Being Correlated: Implications of Dependence in Joint Spectral Inference across Multiple Networks}},
	journal = {Journal of Machine Learning Research},
	volume = {23},
	number = {141},
	pages = {1--77},
	year = {2022},
	issn = {1533-7928},
	url = {https://jmlr.org/papers/v23/20-944.html}
},
@misc{BibEntry2023Feb,
	title = {Data -- Marine protected areas rescue a sexually selected trait in European lobster}},
	year = {2020},
    publisher={Dryad},
    author = {Sordalen, Tonje and Halvorsen, Kim and Vollestad, Leif and Moland, Even and Olsen, Esben},
	month = may,
	note = {[Online; accessed 2. Feb. 2023]},
    doi = {10.5061/dryad.m37pvmczq}
},
@article{Jolliffe2016Apr,
	author = {Jolliffe, Ian T. and Cadima, Jorge},
	title = {{Principal component analysis: a review and recent developments}},
	journal = {Philos. Trans. Royal Soc. A},
	volume = {374},
	number = {2065},
	pages = {20150202},
	year = {2016},
	month = apr,
	issn = {1471-2962},
	publisher = {The Royal Society Publishing},
	doi = {10.1098/rsta.2015.0202}
},
@article{Minka2000,
	author = {Minka, Thomas},
	title = {{Automatic Choice of Dimensionality for PCA}},
	journal = {Advances in Neural Information Processing Systems},
	volume = {13},
	year = {2000},
	url = {https://papers.nips.cc/paper/2000/hash/7503cfacd12053d309b6bed5c89de212-Abstract.html}
},
@article{Gopalakrishnan2020Nov,
	author = {Gopalakrishnan, Vivek and Chung, Jaewon and Bridgeford, Eric and Pedigo, Benjamin D. and Arroyo, Jes\'{u}s and Upchurch, Lucy and Johnson, G. Allan and Wang, Nian and Park, Youngser and Priebe, Carey E. and Vogelstein, Joshua T.},
	title = {{Discovery of Multi-Level Network Differences Across Populations of Heterogeneous Connectomes}},
	journal = {arXiv},
	year = {2020},
	month = nov,
	eprint = {2011.14990},
	doi = {10.48550/arXiv.2011.14990}
},
@article{Binkiewicz2017Jun,
	author = {Binkiewicz, N. and Vogelstein, J. T. and Rohe, K.},
	title = {{Covariate-assisted spectral clustering}},
	journal = {Biometrika},
	volume = {104},
	number = {2},
	pages = {361--377},
	year = {2017},
	month = jun,
	issn = {0006-3444},
	publisher = {Oxford Academic},
	doi = {10.1093/biomet/asx008}
},
@article{Khan2017,
	author = {Khan, Bisma S. and Niazi, M.},
	title = {{Network Community Detection: A Review and Visual Survey}},
	journal = {ArXiv},
	year = {2017},
	url = {https://www.semanticscholar.org/paper/Network-Community-Detection%3A-A-Review-and-Visual-Khan-Niazi/2d4e4dc3e46357440c987fc2048f917e196296d0}
},
@incollection{Fisher1992,
	author = {Fisher, R. A.},
	title = {{Statistical Methods for Research Workers}},
	booktitle = {{Breakthroughs in Statistics}},
	journal = {SpringerLink},
	pages = {66--70},
	year = {1992},
	publisher = {Springer, New York, NY},
	address = {New York, NY, USA},
	doi = {10.1007/978-1-4612-4380-9_6}
},
@article{Fisher1922Jan,
	author = {Fisher, R. A.},
	title = {{On the Interpretation of {$\chi$} 2 from Contingency Tables, and the Calculation of P}},
	journal = {Zenodo},
	year = {1922},
	month = jan,
	doi = {10.2307/2340521}
},
@article{Miettinen1985Apr,
	author = {Miettinen, Olli and Nurminen, Markku},
	title = {{Comparative analysis of two rates}},
	journal = {Stat. Med.},
	volume = {4},
	number = {2},
	pages = {213--226},
	year = {1985},
	month = apr,
	issn = {0277-6715},
	publisher = {John Wiley {\&} Sons, Ltd},
	doi = {10.1002/sim.4780040211}
},
@article{Carew1971Aug,
	author = {Carew, T. J. and Castellucci, V. F. and Kandel, E. R.},
	title = {{An analysis of dishabituation and sensitization of the gill-withdrawal reflex in Aplysia}},
	journal = {International Journal of Neuroscience},
	volume = {2},
	number = {2},
	pages = {79--98},
	year = {1971},
	month = aug,
	issn = {0020-7454},
	publisher = {See full text options at Taylor {\&} Francis},
	eprint = {4347410},
	doi = {10.3109/00207457109146995}
},
@article{pytorchgeom,
	author = {Fey, Matthias and Lenssen, Jan Eric},
	title = {{Fast Graph Representation Learning with PyTorch Geometric}},
	journal = {ArXiv e-prints},
	year = {2019},
	month = mar,
	eprint = {1903.02428},
	doi = {10.48550/arXiv.1903.02428}
},
@incollection{pytorch,
title = {PyTorch: An Imperative Style, High-Performance Deep Learning Library},
author = {Paszke, Adam and Gross, Sam and Massa, Francisco and Lerer, Adam and Bradbury, James and Chanan, Gregory and Killeen, Trevor and Lin, Zeming and Gimelshein, Natalia and Antiga, Luca and Desmaison, Alban and Kopf, Andreas and Yang, Edward and DeVito, Zachary and Raison, Martin and Tejani, Alykhan and Chilamkurthy, Sasank and Steiner, Benoit and Fang, Lu and Bai, Junjie and Chintala, Soumith},
booktitle = {Advances in Neural Information Processing Systems 32},
pages = {8024--8035},
year = {2019},
publisher = {Curran Associates, Inc.},
url = {http://papers.neurips.cc/paper/9015-pytorch-an-imperative-style-high-performance-deep-learning-library.pdf}
},
@article{moleculenet,
	author = {Wu, Zhenqin and Ramsundar, Bharath and Feinberg, Evan N. and Gomes, Joseph and Geniesse, Caleb and Pappu, Aneesh S. and Leswing, Karl and Pande, Vijay},
	title = {{MoleculeNet: a benchmark for molecular machine learning}},
	journal = {Chemical Science},
	volume = {9},
	number = {2},
	pages = {513--530},
	year = {2018},
	month = jan,
	issn = {2041-6520},
	publisher = {The Royal Society of Chemistry},
	doi = {10.1039/C7SC02664A}
},
@article{rdkit,
  added-at = {2017-04-11T06:11:47.000+0200},
  author = {Landrum, Greg},
  biburl = {https://www.bibsonomy.org/bibtex/28d01fceeccd6bf2486e47d7c4207b108/salotz},
  description = {Release 2016_09_4 (Q3 2016) Release · rdkit/rdkit},
  interhash = {ee9a4ddeff3121aa622cf35709fa6e21},
  intrahash = {8d01fceeccd6bf2486e47d7c4207b108},
  keywords = {chemoinformatics drug-design pharmacophores software},
  timestamp = {2017-04-11T06:11:47.000+0200},
  title = {RDKit: Open-Source Cheminformatics Software},
  url = {https://github.com/rdkit/rdkit/releases/tag/Release_2016_09_4},
  year = 2016
},
@book{Fukunaga1990Oct,
	author = {Fukunaga, Keinosuke},
	title = {{Introduction to Statistical Pattern Recognition (Computer Science {\&} Scientific Computing)}},
	year = {1990},
	month = oct,
	isbn = {978-0-12269851-4},
	publisher = {Academic Press},
	address = {Cambridge, MA, USA},
	url = {https://www.amazon.com/Introduction-Statistical-Recognition-Scientific-Computing/dp/0122698517}
},
@article{Kandel2001Nov,
	author = {Kandel, E. R.},
	title = {{The molecular biology of memory storage: a dialogue between genes and synapses}},
	journal = {Science (New York, N.Y.)},
	volume = {294},
	number = {5544},
	pages = {1030--1038},
	year = {2001},
	month = nov,
	issn = {0036-8075},
	publisher = {See full text options at Atypon},
	eprint = {11691980},
	doi = {10.1126/science.1067020}
},
@book{Springer2001Sep,
	author = {Springer, Sally P. and Deutsch, Georg},
	title = {{Left Brain, Right Brain: Perspectives From Cognitive Neuroscience (Series of Books in Psychology)}},
	year = {2001},
	month = sep,
	isbn = {978-0-71673111-5},
	publisher = {W. H. Freeman and Company/Worth Publishers},
	url = {https://www.amazon.com/Left-Brain-Right-Perspectives-Neuroscience/dp/0716731118}
},
@article{Pedigo2022Nov,
	author = {Pedigo, Benjamin D. and Powell, Mike and Bridgeford, Eric W. and Winding, Michael and Priebe, Carey E. and Vogelstein, Joshua T.},
	title = {{Generative network modeling reveals quantitative definitions of bilateral symmetry exhibited by a whole insect brain connectome}},
	journal = {eLife},
	year = {2023},
	month = mar,
	publisher = {eLife Sciences Publications, Ltd},
	doi = {10.7554/eLife.83739}
}
@article{Coppersmith2012Jan,
	author = {Coppersmith, Glen A. and Priebe, Carey E.},
	title = {{Vertex Nomination via Content and Context}},
	journal = {arXiv},
	year = {2012},
	month = jan,
	eprint = {1201.4118},
	doi = {10.48550/arXiv.1201.4118}
},
@misc{bigonotation,
	author = {{Contributors to Wikimedia projects}},
	title = {{Big O notation - Wikipedia}},
	year = {2023},
	month = apr,
	note = {[Online; accessed 10. Apr. 2023]},
	url = {https://en.wikipedia.org/w/index.php?title=Big_O_notation&oldid=1147909878}
},
@article{Chen2012,
	author = {Chen, Yudong and Sanghavi, Sujay and Xu, Huan},
	title = {{Clustering Sparse Graphs}},
	journal = {Advances in Neural Information Processing Systems},
	volume = {25},
	year = {2012},
	url = {https://papers.nips.cc/paper_files/paper/2012/hash/1e6e0a04d20f50967c64dac2d639a577-Abstract.html}
},
@article{Krzakala2013Dec,
	author = {Krzakala, Florent and Moore, Cristopher and Mossel, Elchanan and Neeman, Joe and Sly, Allan and Zdeborov{\ifmmode\acute{a}\else\'{a}\fi}, Lenka and Zhang, Pan},
	title = {{Spectral redemption in clustering sparse networks}},
	journal = {Proc. Natl. Acad. Sci. U.S.A.},
	volume = {110},
	number = {52},
	pages = {20935--20940},
	year = {2013},
	month = dec,
	publisher = {Proceedings of the National Academy of Sciences},
	doi = {10.1073/pnas.1312486110}
},
@article{Lei2013Dec,
	author = {Lei, Jing and Rinaldo, Alessandro},
	title = {{Consistency of spectral clustering in stochastic block models}},
	journal = {arXiv},
	year = {2013},
	month = dec,
	eprint = {1312.2050},
	doi = {10.1214/14-AOS1274}
},
@article{Coppersmith2014Mar,
	author = {Coppersmith, Glen},
	title = {{Vertex nomination}},
	journal = {WIREs Comput. Stat.},
	volume = {6},
	number = {2},
	pages = {144--153},
	year = {2014},
	month = mar,
	issn = {1939-5108},
	publisher = {John Wiley {\&} Sons, Ltd},
	doi = {10.1002/wics.1294}
},
@incollection{Levin2018Jul,
	author = {Levin, Keith and Roosta, Fred and Mahoney, Michael and Priebe, Carey},
	title = {{Out-of-sample extension of graph adjacency spectral embedding}},
	booktitle = {{International Conference on Machine Learning}},
	journal = {PMLR},
	pages = {2975--2984},
	year = {2018},
	month = jul,
	issn = {2640-3498},
	publisher = {PMLR},
	url = {https://proceedings.mlr.press/v80/levin18a.html}
},
@book{Gower2004Apr,
	author = {Gower, John C. and Dijksterhuis, Garmt B.},
	title = {{Procrustes Problems (Oxford Statistical Science Series, 30)}},
	year = {2004},
	month = apr,
	isbn = {978-0-19851058-1},
	publisher = {Oxford University Press},
	address = {Oxford, England, UK},
	url = {https://www.amazon.com/Procrustes-Probn2017ms-Oxford-Statistical-Science/dp/0198510586}
},
@article{Tang2017Apr,
	author = {Tang, Minh and Athreya, Avanti and Sussman, Daniel L. and Lyzinski, Vince and Park, Youngser and Priebe, Carey E.},
	title = {{A Semiparametric Two-Sample Hypothesis Testing Problem for Random Graphs}},
	journal = {J. Comput. Graph. Stat.},
	volume = {26},
	number = {2},
	pages = {344--354},
	year = {2017},
	month = apr,
	issn = {1061-8600},
	publisher = {Taylor {\&} Francis},
	doi = {10.1080/10618600.2016.1193505}
},
@article{Tang2017Aug,
	author = {Tang, Minh and Athreya, Avanti and Sussman, Daniel L. and Lyzinski, Vince and Priebe, Carey E.},
	title = {{A nonparametric two-sample hypothesis testing problem for random graphs}},
	journal = {Bernoulli},
	volume = {23},
	number = {3},
	pages = {1599--1630},
	year = {2017},
	month = aug,
	issn = {1350-7265},
	publisher = {Bernoulli Society for Mathematical Statistics and Probability},
	doi = {10.3150/15-BEJ789}
},
@article{Alyakin2020,
	author = {Alyakin, A. and Agterberg, Joshua and Helm, Hayden S. and Priebe, C.},
	title = {{Correcting a Nonparametric Two-sample Graph Hypothesis Test for Graphs with Different Numbers of Vertices}},
	journal = {arXiv: Methodology},
	year = {2020},
	url = {https://www.semanticscholar.org/paper/Correcting-a-Nonparametric-Two-sample-Graph-Test-of-Alyakin-Agterberg/c8265eba85e51020be7af24debd467accf2f073b}
},
@article{Dunnett1977Dec,
	author = {Dunnett, C. W. and Gent, M.},
	title = {{Significance testing to establish equivalence between treatments, with special reference to data in the form of 2X2 tables}},
	journal = {Biometrics},
	volume = {33},
	number = {4},
	pages = {593--602},
	year = {1977},
	month = dec,
	issn = {0006-341X},
	publisher = {See full text options at Wiley},
	eprint = {588654},
	url = {https://pubmed.ncbi.nlm.nih.gov/588654}
},
@article{Chan2003Jan,
	author = {Chan, I. S. F.},
	title = {{Proving non-inferiority or equivalence of two treatments with dichotomous endpoints using exact methods}},
	journal = {Stat. Methods Med. Res.},
	volume = {12},
	number = {1},
	pages = {37--58},
	year = {2003},
	month = jan,
	issn = {0962-2802},
	publisher = {See full text options at Atypon},
	eprint = {12617507},
	doi = {10.1191/0962280203sm314ra}
},
@misc{neurodata2023Feb,
	author = {Pedigo, Benjamin},
	title = {{neurodata/bilateral-connectome}},
	year = {2023},
	month = feb,
	note = {[Online; accessed 3. Feb. 2023]},
	url = {https://github.com/neurodata/bilateral-connectome}
},
@article{Ryan1959Jan,
	author = {Ryan, T. A.},
	title = {{Multiple comparisons in psychological research}},
	journal = {Psychol. Bull.},
	volume = {56},
	number = {1},
	pages = {26--47},
	year = {1959},
	month = jan,
	issn = {0033-2909},
	publisher = {Psychol Bull},
	eprint = {13623958},
	doi = {10.1037/h0042478}
},
,
@article{Holm1979,
    ISSN = {03036898, 14679469},
    URL = {http://www.jstor.org/stable/4615733},
    abstract = {This paper presents a simple and widely applicable multiple test procedure of the sequentially rejective type, i.e. hypotheses are rejected one at a time until no further rejections can be done. It is shown that the test has a prescribed level of significance protection against error of the first kind for any combination of true hypotheses. The power properties of the test and a number of possible applications are also discussed.},
    author = {Holm, Sture},
    journal = {Scandinavian Journal of Statistics},
    number = {2},
    pages = {65--70},
    publisher = {[Board of the Foundation of the Scandinavian Journal of Statistics, Wiley]},
    title = {A Simple Sequentially Rejective Multiple Test Procedure},
    urldate = {2023-02-03},
    volume = {6},
    year = {1979}
},
@book{Tippett1952Jan,
	author = {Tippett, L. H. C.},
	title = {{The Methods of Statistics}},
	year = {1952},
	month = jan,
	publisher = {John Wiley and Sons},
	address = {Hoboken, NJ, USA},
	url = {https://www.amazon.com/Methods-Statistics-L-H-C-Tippett/dp/B019QJVM0W}
},
@article{Livi2013Aug,
	author = {Livi, Lorenzo and Rizzi, Antonello},
	title = {{The graph matching problem}},
	journal = {Pattern Anal. Appl.},
	volume = {16},
	number = {3},
	pages = {253--283},
	year = {2013},
	month = aug,
	issn = {1433-7541},
	publisher = {Springer-Verlag},
	doi = {10.1007/s10044-012-0284-8}
},
@article{Vogelstein2015Apr,
	author = {Vogelstein, Joshua T. and Conroy, John M. and Lyzinski, Vince and Podrazik, Louis J. and Kratzer, Steven G. and Harley, Eric T. and Fishkind, Donniell E. and Vogelstein, R. Jacob and Priebe, Carey E.},
	title = {{Fast Approximate Quadratic Programming for Graph Matching}},
	journal = {PLoS One},
	volume = {10},
	number = {4},
	pages = {e0121002},
	year = {2015},
	month = apr,
	issn = {1932-6203},
	publisher = {Public Library of Science},
	doi = {10.1371/journal.pone.0121002}
},
@article{Fishkind2015Sep,
	title = {{Vertex Nomination Schemes for Membership Prediction}},
        author={Fishkind, Donniell E. and Lyzinski, V. and Pao, H. and Chen, L. and Priebe, Carey E.},
	journal = {Annals of Applied Statistics},
	volume = {9},
	number = {3},
	pages = {1510--1532},
	year = {2015},
	month = sep,
	note = {[Online; accessed 16. Apr. 2023]},
	url = {https://www.jstor.org/stable/43826431}
},
@article{Szekely2007Dec,
	author = {Sz{\ifmmode\acute{e}\else\'{e}\fi}kely, G{\ifmmode\acute{a}\else\'{a}\fi}bor J. and Rizzo, Maria L. and Bakirov, Nail K.},
	title = {{Measuring and testing dependence by correlation of distances}},
	journal = {Ann. Stat.},
	volume = {35},
	number = {6},
	pages = {2769--2794},
	year = {2007},
	month = dec,
	issn = {0090-5364},
	publisher = {Institute of Mathematical Statistics},
	doi = {10.1214/009053607000000505}
},
@article{Vogelstein2019Jan,
	author = {Vogelstein, Joshua T. and Bridgeford, Eric W. and Wang, Qing and Priebe, Carey E. and Maggioni, Mauro and Shen, Cencheng},
	title = {{Discovering and deciphering relationships across disparate data modalities}},
	journal = {eLife},
	year = {2019},
	month = jan,
	publisher = {eLife Sciences Publications, Ltd},
	doi = {10.7554/eLife.41690}
}
@article{Yoder2018Feb,
	author = {Yoder, Jordan and Chen, Li and Pao, Henry and Bridgeford, Eric and Levin, Keith and Fishkind, Donniell and Priebe, Carey and Lyzinski, Vince},
	title = {{Vertex nomination: The canonical sampling and the extended spectral nomination schemes}},
	journal = {arXiv},
	year = {2018},
	month = feb,
	eprint = {1802.04960},
	doi = {10.48550/arXiv.1802.04960}
},
@article{Fishkind2019Mar,
	author = {Fishkind, Donniell E. and Adali, Sancar and Patsolic, Heather G. and Meng, Lingyao and Singh, Digvijay and Lyzinski, Vince and Priebe, Carey E.},
	title = {{Seeded graph matching}},
	journal = {Pattern Recognit.},
	volume = {87},
	pages = {203--215},
	year = {2019},
	month = mar,
	issn = {0031-3203},
	publisher = {Pergamon},
	doi = {10.1016/j.patcog.2018.09.014}
},
@article{Banerjee2021Dec,
	author = {Banerjee, Writuparna},
	title = {{Train/Test Complexity and Space Complexity of Linear Regression}},
	journal = {Medium},
	year = {2021},
	month = dec,
	publisher = {Level Up Coding},
	url = {https://levelup.gitconnected.com/train-test-complexity-and-space-complexity-of-linear-regression-26b604dcdfa3}
},
@article{Bengio2003,
	author = {Bengio, Yoshua and Paiement, Jean-fran{\ifmmode\mbox{\c{c}}\else\c{c}\fi}cois and Vincent, Pascal and Delalleau, Olivier and Roux, Nicolas and Ouimet, Marie},
	title = {{Out-of-Sample Extensions for LLE, Isomap, MDS, Eigenmaps, and Spectral Clustering}},
	journal = {Advances in Neural Information Processing Systems},
	volume = {16},
	year = {2003},
	url = {https://proceedings.neurips.cc/paper/2003/hash/cf05968255451bdefe3c5bc64d550517-Abstract.html}
},
@article{Patsolic2020Jun,
	author = {Patsolic, Heather G. and Park, Youngser and Lyzinski, Vince and Priebe, Carey E.},
	title = {{Vertex nomination via seeded graph matching}},
	journal = {Stat. Anal. Data Min.: The ASA Data Sci. Journal},
	volume = {13},
	number = {3},
	pages = {229--244},
	year = {2020},
	month = jun,
	issn = {1932-1864},
	publisher = {John Wiley {\&} Sons, Ltd},
	doi = {10.1002/sam.11454}
},
@misc{sklearngmm_tut,
	title = {{Gaussian Mixture Model Ellipsoids}},
	journal = {scikit-learn},
	year = {2023},
	month = apr,
	note = {[Online; accessed 12. Apr. 2023]},
	url = {https://scikit-learn.org/stable/auto_examples/mixture/plot_gmm.html}
},
@article{Chen2020Aug,
	author = {Chen, Guodong and Arroyo, Jes\'{u}s and Athreya, Avanti and Cape, Joshua and Vogelstein, Joshua T. and Park, Youngser and White, Chris and Larson, Jonathan and Yang, Weiwei and Priebe, Carey E.},
	title = {{Multiple Network Embedding for Anomaly Detection in Time Series of Graphs}},
	journal = {arXiv},
	year = {2020},
	month = aug,
	eprint = {2008.10055},
	doi = {10.48550/arXiv.2008.10055}
},
@misc{Joyce2003Jun,
	author = {Joyce, James},
	title = {{Bayes{'} Theorem}},
	year = {2003},
	month = jun,
	note = {[Online; accessed 4. Feb. 2023]},
	url = {https://plato.stanford.edu/entries/bayes-theorem}
},
@misc{ContributorstoWikimediaprojects2023Jan,
	author = {{Contributors to Wikimedia projects}},
	title = {{Alexander Fleming - Wikipedia}},
	year = {2023},
	month = jan,
	note = {[Online; accessed 4. Feb. 2023]},
	url = {https://en.wikipedia.org/w/index.php?title=Alexander_Fleming&oldid=1135874481}
},
@article{Weininger1988Feb,
	author = {Weininger, David},
	title = {{SMILES, a chemical language and information system. 1. Introduction to methodology and encoding rules}},
	journal = {J. Chem. Inf. Comput. Sci.},
	volume = {28},
	number = {1},
	pages = {31--36},
	year = {1988},
	month = feb,
	issn = {0095-2338},
	publisher = {American Chemical Society},
	doi = {10.1021/ci00057a005}
},
@article{Weininger1989May,
	author = {Weininger, David and Weininger, Arthur and Weininger, Joseph L.},
	title = {{SMILES. 2. Algorithm for generation of unique SMILES notation}},
	journal = {J. Chem. Inf. Comput. Sci.},
	volume = {29},
	number = {2},
	pages = {97--101},
	year = {1989},
	month = may,
	issn = {0095-2338},
	publisher = {American Chemical Society},
	doi = {10.1021/ci00062a008}
},
@article{Weininger1990Aug,
	author = {Weininger, David},
	title = {{SMILES. 3. DEPICT. Graphical depiction of chemical structures}},
	journal = {J. Chem. Inf. Comput. Sci.},
	volume = {30},
	number = {3},
	pages = {237--243},
	year = {1990},
	month = aug,
	issn = {0095-2338},
	publisher = {American Chemical Society},
	doi = {10.1021/ci00067a005}
},
@article{Bronstein2021Apr,
	author = {Bronstein, Michael M. and Bruna, Joan and Cohen, Taco and Veli{\ifmmode\check{c}\else\v{c}\fi}kovi{\ifmmode\acute{c}\else\'{c}\fi}, Petar},
	title = {{Geometric Deep Learning: Grids, Groups, Graphs, Geodesics, and Gauges}},
	journal = {ArXiv e-prints},
	year = {2021},
	month = apr,
	eprint = {2104.13478},
	doi = {10.48550/arXiv.2104.13478}
},
@book{goodfellow2016deep,
  title={Deep Learning},
  author={Goodfellow, Ian and Bengio, Yoshua and Courville, Aaron},
  year={2016},
  publisher={MIT Press}
},
@incollection{Grover2016Aug,
	author = {Grover, Aditya and Leskovec, Jure},
	title = {{node2vec: Scalable Feature Learning for Networks}},
	booktitle = {{KDD '16: Proceedings of the 22nd ACM SIGKDD International Conference on Knowledge Discovery and Data Mining}},
	pages = {855--864},
	year = {2016},
	month = aug,
	isbn = {978-1-45034232-2},
	publisher = {Association for Computing Machinery},
	address = {New York, NY, USA},
	doi = {10.1145/2939672.2939754}
},
@article{PourNejatian2021Dec,
	author = {PourNejatian, Nima},
	title = {{The Math Behind Word2Vec Skip-Gram Training - Nima PourNejatian - Medium}},
	journal = {Medium},
	year = {2021},
	month = dec,
	issn = {9995-7307},
	publisher = {Medium},
	url = {https://pournejatian.medium.com/the-math-behind-word2vec-skip-gram-implementation-ab9995730b7e}
},
@book{Labonne2023Apr,
	author = {Labonne, Maxime},
	title = {{Hands-On Graph Neural Networks Using Python: Practical techniques and architectures for building powerful graph and deep learning apps with PyTorch}},
	year = {2023},
	month = apr,
	isbn = {978-1-80461752-6},
	publisher = {Packt Publishing},
	url = {https://www.amazon.com/Hands-Graph-Neural-Networks-Python/dp/1804617520}
},
@article{Scarselli2008Dec,
	author = {Scarselli, Franco and Gori, Marco and Tsoi, Ah Chung and Hagenbuchner, Markus and Monfardini, Gabriele},
	title = {{Computational Capabilities of Graph Neural Networks}},
	journal = {IEEE Transactions on Neural Networks},
	volume = {20},
	number = {1},
	pages = {81--102},
	year = {2008},
	month = dec,
	issn = {1941-0093},
	publisher = {IEEE},
	doi = {10.1109/TNN.2008.2005141}
},
@article{Novick2013Nov,
	author = {Novick, Paul A. and Ortiz, Oscar F. and Poelman, Jared and Abdulhay, Amir Y. and Pande, Vijay S.},
	title = {{SWEETLEAD: an In Silico Database of Approved Drugs, Regulated Chemicals, and Herbal Isolates for Computer-Aided Drug Discovery}},
	journal = {PLoS One},
	volume = {8},
	number = {11},
	pages = {e79568},
	year = {2013},
	month = nov,
	issn = {1932-6203},
	publisher = {Public Library of Science},
	doi = {10.1371/journal.pone.0079568}
},
@article{SanchezLengeling2021Sep,
	author = {Sanchez-Lengeling, Benjamin and Reif, Emily and Pearce, Adam and Wiltschko, Alexander B.},
	title = {{A Gentle Introduction to Graph Neural Networks}},
	journal = {Distill},
	volume = {6},
	number = {9},
	pages = {e33},
	year = {2021},
	month = sep,
	issn = {2476-0757},
	doi = {10.23915/distill.00033}
},
@article{docker,
  title={Docker: lightweight linux containers for consistent development and deployment},
  author={Merkel, Dirk},
  journal={Linux journal},
  volume={2014},
  number={239},
  pages={2},
  year={2014}
},
@incollection{Hoff2007Dec,
	author = {Hoff, Peter D.},
	title = {{Modeling homophily and stochastic equivalence in symmetric relational data}},
	booktitle = {{NIPS'07: Proceedings of the 20th International Conference on Neural Information Processing Systems}},
	pages = {657--664},
	year = {2007},
	month = dec,
	isbn = {978-1-60560352-0},
	publisher = {Curran Associates Inc.},
	address = {Red Hook, NY, USA},
	doi = {10.5555/2981562.2981645}
},
@article{Sordalen2020Oct,
	author = {S{\o}rdalen, Tonje Knutsen and Halvorsen, Kim Tallaksen and V{\o}llestad, Leif Asbj{\o}rn and Moland, Even and Olsen, Esben Moland},
	title = {{Marine protected areas rescue a sexually selected trait in European lobster}},
	journal = {Evol. Appl.},
	volume = {13},
	number = {9},
	pages = {2222--2233},
	year = {2020},
	month = oct,
	issn = {1752-4571},
	publisher = {John Wiley {\&} Sons, Ltd},
	doi = {10.1111/eva.12992}
},
@article{Muldoon2016Feb,
	author = {Muldoon, Sarah Feldt and Bridgeford, Eric W. and Bassett, Danielle S.},
	title = {{Small-World Propensity and Weighted Brain Networks}},
	journal = {Sci. Rep.},
	volume = {6},
	number = {22057},
	pages = {1--13},
	year = {2016},
	month = feb,
	issn = {2045-2322},
	publisher = {Nature Publishing Group},
	doi = {10.1038/srep22057}
},
@article{Winding2023Mar,
	author = {Winding, Michael and Pedigo, Benjamin D. and Barnes, Christopher L. and Patsolic, Heather G. and Park, Youngser and Kazimiers, Tom and Fushiki, Akira and Andrade, Ingrid V. and Khandelwal, Avinash and Valdes-Aleman, Javier and Li, Feng and Randel, Nadine and Barsotti, Elizabeth and Correia, Ana and Fetter, Richard D. and Hartenstein, Volker and Priebe, Carey E. and Vogelstein, Joshua T. and Cardona, Albert and Zlatic, Marta},
	title = {{The connectome of an insect brain}},
	journal = {Science},
	volume = {379},
	number = {6636},
	pages = {eadd9330},
	year = {2023},
	month = mar,
	issn = {0036-8075},
	publisher = {American Association for the Advancement of Science},
	doi = {10.1126/science.add9330}
},
@book{Horn2012Oct,
	author = {Horn, Roger A. and Johnson, Charles R.},
	title = {{Matrix Analysis}},
	year = {2012},
	month = oct,
	isbn = {978-0-52154823-6},
	publisher = {Cambridge University Press},
	address = {Cambridge, England, UK},
	url = {https://www.amazon.com/Matrix-Analysis-Second-Roger-Horn/dp/0521548233}
},
@article{Rubin2022Sep,
	author = {Rubin-Delanchy, Patrick and Cape, Joshua and Tang, Minh and Priebe, Carey E.},
	title = {{A Statistical Interpretation of Spectral Embedding: The Generalised Random Dot Product Graph}},
	journal = {J. R. Stat. Soc. Ser. B. Stat. Methodol.},
	volume = {84},
	number = {4},
	pages = {1446--1473},
	year = {2022},
	month = sep,
	issn = {1369-7412},
	publisher = {Oxford Academic},
	doi = {10.1111/rssb.12509}
},
@article{sklearn,
 title={Scikit-learn: Machine Learning in {P}ython},
 author={Pedregosa, F. and Varoquaux, G. and Gramfort, A. and Michel, V.
         and Thirion, B. and Grisel, O. and Blondel, M. and Prettenhofer, P.
         and Weiss, R. and Dubourg, V. and Vanderplas, J. and Passos, A. and
         Cournapeau, D. and Brucher, M. and Perrot, M. and Duchesnay, E.},
 journal={Journal of Machine Learning Research},
 volume={12},
 pages={2825--2830},
 year={2011}
},
@Article{csardi2006,
title = {The igraph software package for complex network research},
author = {Gabor Csardi and Tamas Nepusz},
journal = {InterJournal},
volume = {Complex Systems},
pages = {1695},
year = {2006},
url = {https://igraph.org},
},
@article{graspologic,
	author = {Chung, Jaewon and Pedigo, Benjamin D. and Bridgeford, Eric W. and Varjavand, Bijan K. and Helm, Hayden S. and Vogelstein, Joshua T.},
	title = {{GraSPy: Graph Statistics in Python}},
	journal = {Journal of Machine Learning Research},
	volume = {20},
	number = {158},
	pages = {1--7},
	year = {2019},
	issn = {1533-7928},
	url = {https://jmlr.org/papers/v20/19-490.html}
},
@techreport{networkx,
  title={Exploring network structure, dynamics, and function using NetworkX},
  author={Hagberg, Aric and Swart, Pieter and S Chult, Daniel},
  year={2008},
  institution={Los Alamos National Lab.(LANL), Los Alamos, NM (United States)}
},
@misc{graspydata,
	title = {{Datasets - graspologic 2.0.1 documentation}},
	year = {2023},
	month = jan,
    author={Microsoft},
	note = {[Online; accessed 4. Feb. 2023]},
	url = {https://microsoft.github.io/graspologic/latest/reference/reference/datasets.html}
},
@article{Mikolov2013Jan,
	author = {Mikolov, Tomas and Chen, Kai and Corrado, Greg and Dean, Jeffrey},
	title = {{Efficient Estimation of Word Representations in Vector Space}},
	journal = {arXiv},
	year = {2013},
	month = jan,
	eprint = {1301.3781},
	doi = {10.48550/arXiv.1301.3781}
},
@article{Brin1998Apr,
	author = {Brin, Sergey and Page, Lawrence},
	title = {{The anatomy of a large-scale hypertextual Web search engine}},
	journal = {Computer Networks and ISDN Systems},
	volume = {30},
	number = {1},
	pages = {107--117},
	year = {1998},
	month = apr,
	issn = {0169-7552},
	publisher = {Elsevier},
	doi = {10.1016/S0169-7552(98)00110-X}
},
@incollection{Prakash2010,
	author = {Prakash, B. Aditya and Sridharan, Ashwin and Seshadri, Mukund and Machiraju, Sridhar and Faloutsos, Christos},
	title = {{EigenSpokes: Surprising Patterns and Scalable Community Chipping in Large Graphs}},
	booktitle = {{Advances in Knowledge Discovery and Data Mining}},
	journal = {SpringerLink},
	pages = {435--448},
	year = {2010},
	publisher = {Springer},
	address = {Berlin, Germany},
	doi = {10.1007/978-3-642-13672-6_42}
},
@article{Mikolov2013Oct,
	author = {Mikolov, Tomas and Sutskever, Ilya and Chen, Kai and Corrado, Greg and Dean, Jeffrey},
	title = {{Distributed Representations of Words and Phrases and their Compositionality}},
	journal = {arXiv},
	year = {2013},
	month = oct,
	eprint = {1310.4546},
	doi = {10.48550/arXiv.1310.4546}
},
@book{Isaacson1976Mar,
	author = {Isaacson, Dean L. and Madsen, Richard W.},
	title = {{Markov Chains: Theory and Applications}},
	year = {1976},
	month = mar,
	isbn = {978-0-47142862-6},
	publisher = {Wiley},
	address = {Hoboken, NJ, USA},
	url = {https://www.amazon.com/Markov-Chains-Applications-Dean-Isaacson/dp/0471428620}
},
@misc{ttest,
	author = {{Contributors to Wikimedia projects}},
	title = {{Student's t-test - Wikipedia}},
	year = {2023},
	month = feb,
	note = {[Online; accessed 4. Feb. 2023]},
	url = {https://en.wikipedia.org/w/index.php?title=Student%27s_t-test&oldid=1137250035}
},
@misc{cheby,
	author = {{Contributors to Wikimedia projects}},
	title = {{Chebyshev's inequality - Wikipedia}},
	year = {2023},
	month = jan,
	note = {[Online; accessed 4. Feb. 2023]},
	url = {https://en.wikipedia.org/w/index.php?title=Chebyshev%27s_inequality&oldid=1136699494}
},
@book{Casella2001Jun,
	author = {Casella, George and Berger, Roger L.},
	title = {{Statistical Inference}},
	year = {2001},
	month = jun,
	isbn = {978-0-53424312-8},
	publisher = {Cengage Learning},
	address = {Boston, MA, USA}
},
@incollection{Reynolds2015Jul,
	author = {Reynolds, Douglas},
	title = {{Gaussian Mixture Models}},
	booktitle = {{Encyclopedia of Biometrics}},
	journal = {SpringerLink},
	pages = {827--832},
	year = {2015},
	month = jul,
	publisher = {Springer, Boston, MA},
	address = {Boston, MA, USA},
	doi = {10.1007/978-1-4899-7488-4_196}
},
@article{Rand1971Dec,
	author = {Rand, William M.},
	title = {{Objective Criteria for the Evaluation of Clustering Methods}},
	journal = {J. Am. Stat. Assoc.},
	volume = {66},
	number = {336},
	pages = {846--850},
	year = {1971},
	month = dec,
	issn = {0162-1459},
	publisher = {Taylor {\&} Francis},
	doi = {10.1080/01621459.1971.10482356}
},
@article{Rousseeuw1987Nov,
	author = {Rousseeuw, Peter J.},
	title = {{Silhouettes: A graphical aid to the interpretation and validation of cluster analysis}},
	journal = {J. Comput. Appl. Math.},
	volume = {20},
	pages = {53--65},
	year = {1987},
	month = nov,
	issn = {0377-0427},
	publisher = {North-Holland},
	doi = {10.1016/0377-0427(87)90125-7}
},